@book{faranello2012balsamiq,
  title={Balsamiq wireframes quickstart guide},
  author={Faranello, Scott},
  year={2012},
  publisher={Packt Publishing Ltd}
}